@misc{Blizzard,
  title = {StarCraft},
  author={{Blizzard Entertainment}},
  year={2009},
  howpublished = {\url{http://us.blizzard.com/en-us/games/sc/}},
  note = {Retrieved November 21, 2013}
}
@misc{SCWiki,
  title = {{StarCraft Wiki}},
  year={2005},
  howpublished = {\url{http://starcraft.wikia.com/wiki/StarCraft\_Wiki}},
  note = {Retrieved November 21, 2013}
}
@misc{TeamLiquid,
  title = {{Team Liquid}},
  year={2002},
  howpublished = {\url{http://www.teamliquid.net/}},
  note = {Retrieved November 21, 2013}
}
@misc{bwapiMain,
  title = {{BWAPI}},
  year={2010},
  howpublished = {\url{https://code.google.com/p/bwapi/}},
  note = {Retrieved November 21, 2013}
}
@misc{bwapiCompetitions,
  title = {{BWAPI - Competitions}},
  year = {2011},
  howpublished = {\url{https://code.google.com/p/bwapi/wiki/Competitions}},
  note = {Retrieved November 21, 2013}
}
@misc{BWTA,
  title = {{Terrain Analyser for BWAPI}},
  year={2010},
  howpublished = {\url{https://code.google.com/p/bwta/}},
  note = {Retrieved November 21, 2013}
}
@misc{BerkeleyOvermind,
  title = {{Berkeley Overmind}},
  author={Klien, Dan},
  year={2011},
  howpublished = {\url{http://overmind.cs.berkeley.edu/\#desc}},
  note = {Retrieved November 22, 2013}
}
@misc{OvermindArticle,
  author = {Haomiao Huang},
  title = {Skynet meets the {S}warm},
  howpublished = {\url{http://arstechnica.com/gaming/2011/01/skynet-meets-the-swarm/}},
  note = {Retrieved November 22, 2013},
  year = {2011}
}
@misc{MonteCarlo,
  title = {Monte-{C}arlo method},
  year={2011},
  howpublished = {\url{http://www.encyclopediaofmath.org/index.php/Monte-Carlo\_method}},
  note = {Retrieved November 22, 2013}
}
@misc{Replays,
  title = {Star{C}raft {R}eplays},
  year={2002},
  howpublished = {\url{http://www.teamliquid.net/replay/}},
  note = {Retrieved November 22, 2013}
}
@misc{AIBot,
  title = {{A StarCraft AI bot}},
  year={2010},
  author={Hagelb√§ck, Johan},
  howpublished = {\url{https://code.google.com/p/bthai/}},
  note = {Retrieved November 22, 2013}
}
@inproceedings{certicky2013case,
  title={{Case-Based Reasoning for Army Compositions in Real-Time Strategy Games}},
  author={Certicky, Martin and Certicky, Michal},
  booktitle={Scientific Conference of Young Researchers 2013},
  pages={70--73},
  year={2013},
  organization={FEI, Technical University of Ko{\v{s}}ice}
}
@mastersthesis{safadi2010organization,
  title={Organization in {AI} design for {Real-Time Strategy} games},
  author={Safadi, Firas and Ernst, Damien},
  year={2010},
  school={University of Lige}
}
@inproceedings{weber2009data,
  title={A data mining approach to strategy prediction},
  author={Weber, Ben George and Mateas, Michael},
  booktitle={Computational Intelligence and Games, 2009. CIG 2009. IEEE Symposium on},
  pages={140--147},
  year={2009},
  organization={IEEE}
}
@article{hostetler2012inferring,
  title={{Inferring Strategies from Limited Reconnaissance in Real-Time Strategy games}},
  author={Hostetler, Jesse and Dereszynski, Ethan W and Dietterich, Thomas G and Fern, Alan},
  journal={arXiv preprint arXiv:1210.4880},
  year={2012}
}
@inproceedings{synnaeve2011bayesian,
  title={{A Bayesian model for RTS units control applied to StarCraft}},
  author={Synnaeve, Gabriel and Bessiere, Pierre},
  booktitle={Computational Intelligence and Games (CIG), 2011 IEEE Conference on},
  pages={190--196},
  year={2011},
  organization={IEEE}
}
@inproceedings{synnaeve2012bayesian,
  title={{A Bayesian Tactician}},
  author={Synnaeve, Gabriel and Bessiere, Pierre},
  booktitle={Proceedings of the Computer Games Workshop at the European Conference of Artificial Intelligence 2012},
  year={2012}
}
@inproceedings{zheusing,
  title={{{M}onte-{C}arlo planning for unit control in StarCraft}},
  author={Wang, Zhe and Nguyen, Kien Quang and Thawonmas, Ruck and Rinaldo, Frank},
  booktitle={Consumer Electronics (GCCE), 2012 IEEE 1st Global Conference on},
  pages={263--264},
  year={2012},
  organization={IEEE}
}
@mastersthesis{rathe2012micromanagement,
  title={Micromanagement in {S}tarcraft using potential fields tuned with a multi-objective genetic algorithm},
  author={Rathe, Espen Auran and Svendsen, J{\o}rgen B{\o}e},
  year={2012},
  school={Institutt for datateknikk og informasjonsvitenskap}
}
@article{perkins2010terrain,
  title={{T}errain {A}nalysis in {R}eal-{T}ime {S}trategy Games: An Integrated Approach to Choke Point Detection and Region Decomposition.},
  author={Perkins, Luke},
  journal={AIIDE},
  pages={168--173},
  year={2010}
}
@InProceedings{gaudlbehaviour,
  title={{Behaviour Oriented Design for Real-Time-Strategy Games: An Approach on Iterative Development for {\sc StarCraft AI}}},
  author={Gaudl, Swen and Davies, Simon and Bryson, Joanna J},
  booktitle = {Foundations of Digital Games (FDG)},
  year={2013}
}
@incollection{bryson2003behavior,
  title={The {B}ehavior-{O}riented {D}esign of modular agent intelligence},
  author={Bryson, Joanna J},
  booktitle={Agent technologies, infrastructures, tools, and applications for e-services},
  pages={61--76},
  year={2003},
  publisher={Springer Berlin Heidelberg}
}
@PHDTHESIS{bryson2001intelligence,
  AUTHOR = {Joanna J. Bryson},
  TITLE = {Intelligence by Design: {P}rinciples of Modularity and Coordination for Engineering Complex Adaptive Agents},
  SCHOOL = {{MIT}, Department of {EECS}},
  YEAR = {2001},
  ADDRESS = {Cambridge, {MA}},
  MONTH = {June},
  note={{AI} Technical Report 2001-003}
}
@book{russell1995artificial,
  title={{Artificial Intelligence: a Modern Approach}},
  author={Russell, Stuart Jonathan and Norvig, Peter and Canny, John F and Malik, Jitendra M and Edwards, Douglas D},
  year={1995},
  publisher={Prentice hall}
}
@book{kurzweil2005singularity,
  title={{The Singularity is Near: When Humans Transcend Biology}},
  author={Kurzweil, Ray},
  year={2005},
  publisher={Penguin}
}
@book{mccorduck2004machines,
  title={{Machines Who Think: A Personal Inquiry into the History and Prospects of Artificial Intelligence}},
  author={McCorduck, P},
  publisher={AK Peters},
  year={2004}
}
@inproceedings{yi2011adaptive,
  title={Adaptive Strategy Decision Mechanism for StarCraft AI},
  author={Yi, Sangho},
  booktitle={EKC 2010},
  pages={47--57},
  year={2011},
  publisher={Springer Berlin Heidelberg}
}
@inproceedings{togelius2010multiobjective,
  title={Multiobjective exploration of the starcraft map space},
  author={Togelius, Julian and Preuss, Mike and Beume, Nicola and Wessing, Simon and Hagelback, J and Yannakakis, Georgios N},
  booktitle={Computational Intelligence and Games (CIG), 2010 IEEE Symposium on},
  pages={265--272},
  year={2010},
  organization={IEEE}
}
@inproceedings{dainotti2005packet,
  title={A packet-level traffic model of Starcraft},
  author={Dainotti, Alberto and Pescape, Antonio and Ventre, Giorgio},
  booktitle={Hot Topics in Peer-to-Peer Systems, 2005. HOT-P2P 2005. Second International Workshop on},
  pages={33--42},
  year={2005},
  organization={IEEE}
}
@article{galloway2007starcraft,
  title={Starcraft, or, {B}alance},
  author={Galloway, Alexander R},
  journal={Grey Room},
  volume={28},
  pages={86--107},
  year={2007}
}
@article{wooldridge1995intelligent,
  title={{Intelligent Agents: Theory and Practice}},
  author={Wooldridge, Michael and Jennings, Nicholas R},
  journal={The knowledge engineering review},
  volume={10},
  number={02},
  pages={115--152},
  year={1995},
  publisher={Cambridge Univ Press}
}
@mastersthesis{davies2012,
  title={Development of an AI for the Real-Time-Strategy Game StarCraft Using Behaviour Oriented Design},
  author={Davies, Simon},
  school={University of Bath},
  year={2012}
}
@misc{TLMicro,
  title = {Micro},
  author={{Team Liquid}},
  year={2010},
  howpublished = {\url{http://wiki.teamliquid.net/starcraft2/Micro\_(StarCraft)}},
  note = {Retrieved March 27, 2014}
}
@misc{JNIBWAPI,
  title = {{JNIBWAPI}},
  author={Weber, Ben George},
  year={2011},
  howpublished = {\url{https://code.google.com/p/jnibwapi/}},
  note = {Retrieved November 13, 2013}
}
@misc{StratWiki,
  title = {{StarCraft}},
  author={{Strategy Wiki}},
  year={2006},
  howpublished = {\url{http://strategywiki.org/wiki/StarCraft}},
  note = {Retrieved April 01, 2014}
}
@misc{JNIDef,
  title = {{Java Native Interface}},
  author={Oracle},
  year={2002},
  howpublished = {\url{http://docs.oracle.com/javase/7/docs/technotes/guides/jni/spec/intro.html}},
  note = {Retrieved April 01, 2014}
}
@misc{abode,
  title = {{ABODE}},
  author={Gaudl, Swen},
  year={2012},
  howpublished = {\url{https://code.google.com/p/abode-star/}},
  note = {Retrieved April 01, 2014}
}
@INPROCEEDINGS{Emden02javaquality,
    author = {Eva Van Emden and Leon Moonen},
    title = {{Java Quality Assurance by Detecting Code Smells}},
    booktitle = {in Proceedings of the 9th Working Conference on Reverse Engineering. IEEE Computer},
    year = {2002},
    pages = {97--107},
    publisher = {Society Press},
    note={(Just read the abstract for a reasonable definition of code smell.)}
}
@incollection{gemrot2009pogamut,
  title={Pogamut 3 can assist developers in building AI (not only) for their videogame agents},
  author={Gemrot, Jakub and Kadlec, Rudolf and B{\'\i}da, Michal and Burkert, Ond{\v{r}}ej and P{\'\i}bil, Radek and Havl{\'\i}{\v{c}}ek, Jan and Zem{\v{c}}{\'a}k, Luk{\'a}{\v{s}} and {\v{S}}imlovi{\v{c}}, Juraj and Vansa, Radim and {\v{S}}tolba, Michal and others},
  booktitle={Agents for Games and Simulations},
  pages={1--15},
  year={2009},
  publisher={Springer}
}
